
    <marc:record>
        <marc:leader>02516cpcaa2200433Ii 4500</marc:leader>
        <marc:controlfield tag="001">000845138</marc:controlfield>
        <marc:controlfield tag="005">20170626141610.0</marc:controlfield>
        <marc:controlfield tag="008">890221i18411897ncu                 eng d</marc:controlfield>
        <marc:datafield tag="010" ind1=" " ind2=" ">
            <marc:subfield code="b">ms 60000761 </marc:subfield>
        </marc:datafield>
        <marc:datafield tag="035" ind1=" " ind2=" ">
            <marc:subfield code="a">19243124</marc:subfield>
        </marc:datafield>
        <marc:datafield tag="040" ind1=" " ind2=" ">
            <marc:subfield code="a">NDD</marc:subfield>
            <marc:subfield code="b">eng</marc:subfield>
            <marc:subfield code="e">rda</marc:subfield>
            <marc:subfield code="e">dacs</marc:subfield>
            <marc:subfield code="c">NDD</marc:subfield>
            <marc:subfield code="d">OCL</marc:subfield>
            <marc:subfield code="d">OCLCQ</marc:subfield>
            <marc:subfield code="d">OCLCO</marc:subfield>
            <marc:subfield code="d">NDD</marc:subfield>
        </marc:datafield>
        <marc:datafield tag="041" ind1=" " ind2=" ">
            <marc:subfield code="a">eng</marc:subfield>
        </marc:datafield>
        <marc:datafield tag="043" ind1=" " ind2=" ">
            <marc:subfield code="a">n-us-nc</marc:subfield>
            <marc:subfield code="a">n-us-va</marc:subfield>
            <marc:subfield code="a">n-us---</marc:subfield>
            <marc:subfield code="a">n-usu--</marc:subfield>
        </marc:datafield>
        <marc:datafield tag="049" ind1=" " ind2=" ">
            <marc:subfield code="a">NDDP</marc:subfield>
        </marc:datafield>
        <marc:datafield tag="100" ind1="1" ind2=" ">
            <marc:subfield code="a">Boyd, Archibald H.,</marc:subfield>
            <marc:subfield code="e">creator.</marc:subfield>
        </marc:datafield>
        <marc:datafield tag="245" ind1="1" ind2="0">
            <marc:subfield code="a">Archibald H. Boyd papers,</marc:subfield>
            <marc:subfield code="f">1841-1897.</marc:subfield>
        </marc:datafield>
        <marc:datafield tag="264" ind1=" " ind2="0">
            <marc:subfield code="c">1841-1897.</marc:subfield>
        </marc:datafield>
        <marc:datafield tag="300" ind1=" " ind2=" ">
            <marc:subfield code="a">46</marc:subfield>
            <marc:subfield code="f">items.</marc:subfield>
        </marc:datafield>
        <marc:datafield tag="336" ind1=" " ind2=" ">
            <marc:subfield code="a">text</marc:subfield>
            <marc:subfield code="b">txt</marc:subfield>
            <marc:subfield code="2">rdacontent</marc:subfield>
        </marc:datafield>
        <marc:datafield tag="337" ind1=" " ind2=" ">
            <marc:subfield code="a">unmediated</marc:subfield>
            <marc:subfield code="b">n</marc:subfield>
            <marc:subfield code="2">rdamedia</marc:subfield>
        </marc:datafield>
        <marc:datafield tag="338" ind1=" " ind2=" ">
            <marc:subfield code="a">sheet</marc:subfield>
            <marc:subfield code="b">nb</marc:subfield>
            <marc:subfield code="2">rdacarrier</marc:subfield>
        </marc:datafield>
        <marc:datafield tag="545" ind1=" " ind2=" ">
            <marc:subfield code="a">Businessman, of Lenox Castle, Rockingham County, N.C.</marc:subfield>
        </marc:datafield>
        <marc:datafield tag="520" ind1="8" ind2=" ">
            <marc:subfield code="a">Personal and business correspondence of Boyd and his son, James E. Boyd, attorney and political leader. Includes Civil War letters commenting on living conditions, military activities, and relating to the region around Richmond and Petersburg, Va. Also, letters concerning North Carolina politics in the early 1880s when James Boyd was U.S. Attorney for the Western District of North Carolina, and relating to his stockholdings in the Marine and River Phosphate Company of Charleston, S.C., and the Merchants and Manufacturers Association of Greensboro, N.C. Includes letters of Samuel R. Browning, a Louisiana slave trader, commenting on the health of various slaves and on the condition of the slave market, the effect of the cholera epidemics on the market, and accounts of various transactions. It is unclear, but it is possible that Browning was working as a slave trading agent for Archibald Boyd.</marc:subfield>
        </marc:datafield>
        <marc:datafield tag="541" ind1=" " ind2=" ">
            <marc:subfield code="c">Acquired</marc:subfield>
            <marc:subfield code="d">1944.</marc:subfield>
            <marc:subfield code="a">.</marc:subfield>
        </marc:datafield>
        <marc:datafield tag="610" ind1="2" ind2="0">
            <marc:subfield code="a">Marine and River Phosphate Mining &amp; Manufacturing Company of South Carolina.</marc:subfield>
        </marc:datafield>
        <marc:datafield tag="610" ind1="2" ind2="0">
            <marc:subfield code="a">Merchants and Manufacturers Association (Greensboro, N.C.)</marc:subfield>
        </marc:datafield>
        <marc:datafield tag="650" ind1=" " ind2="0">
            <marc:subfield code="a">Slaves</marc:subfield>
            <marc:subfield code="x">Health</marc:subfield>
            <marc:subfield code="z">Southern States.</marc:subfield>
        </marc:datafield>
        <marc:datafield tag="650" ind1=" " ind2="0">
            <marc:subfield code="a">Slave traders</marc:subfield>
            <marc:subfield code="v">Correspondence.</marc:subfield>
        </marc:datafield>
        <marc:datafield tag="650" ind1=" " ind2="0">
            <marc:subfield code="a">Merchants</marc:subfield>
            <marc:subfield code="z">North Carolina</marc:subfield>
            <marc:subfield code="z">Greensboro.</marc:subfield>
        </marc:datafield>
        <marc:datafield tag="651" ind1=" " ind2="0">
            <marc:subfield code="a">Virginia</marc:subfield>
            <marc:subfield code="x">History</marc:subfield>
            <marc:subfield code="y">Civil War, 1861-1865.</marc:subfield>
        </marc:datafield>
        <marc:datafield tag="651" ind1=" " ind2="0">
            <marc:subfield code="a">United States</marc:subfield>
            <marc:subfield code="x">History</marc:subfield>
            <marc:subfield code="y">Civil War, 1861-1865.</marc:subfield>
        </marc:datafield>
        <marc:datafield tag="650" ind1=" " ind2="0">
            <marc:subfield code="a">Slave trade</marc:subfield>
            <marc:subfield code="z">Southern States.</marc:subfield>
        </marc:datafield>
        <marc:datafield tag="650" ind1=" " ind2="0">
            <marc:subfield code="a">Slaves</marc:subfield>
            <marc:subfield code="z">Southern States</marc:subfield>
            <marc:subfield code="x">Social conditions.</marc:subfield>
        </marc:datafield>
        <marc:datafield tag="650" ind1=" " ind2="0">
            <marc:subfield code="a">Cholera</marc:subfield>
            <marc:subfield code="z">Southern States.</marc:subfield>
        </marc:datafield>
        <marc:datafield tag="651" ind1=" " ind2="0">
            <marc:subfield code="a">North Carolina</marc:subfield>
            <marc:subfield code="x">Politics and government</marc:subfield>
            <marc:subfield code="y">1865-1950.</marc:subfield>
        </marc:datafield>
        <marc:datafield tag="650" ind1=" " ind2="0">
            <marc:subfield code="a">Lawyers</marc:subfield>
            <marc:subfield code="z">North Carolina</marc:subfield>
            <marc:subfield code="v">Correspondence.</marc:subfield>
        </marc:datafield>
        <marc:datafield tag="700" ind1="1" ind2=" ">
            <marc:subfield code="a">Boyd, James E.,</marc:subfield>
            <marc:subfield code="e">correspondent.</marc:subfield>
        </marc:datafield>
        <marc:datafield tag="700" ind1="1" ind2=" ">
            <marc:subfield code="a">Browning, Samuel R.,</marc:subfield>
            <marc:subfield code="e">correspondent.</marc:subfield>
        </marc:datafield>
        <marc:datafield tag="752" ind1=" " ind2=" ">
            <marc:subfield code="b">North Carolina</marc:subfield>
            <marc:subfield code="c">Rockingham County</marc:subfield>
            <marc:subfield code="d">Lenox Castle.</marc:subfield>
            <marc:subfield code="a">.</marc:subfield>
        </marc:datafield>
    </marc:record>